<?xml version="1.0" encoding="UTF-8"?><collection xmlns="http://www.loc.gov/MARC21/slim"><record><leader>00513nam--2200193-u-4500</leader><controlfield tag="001">000053786</controlfield><controlfield tag="002">20161230</controlfield><controlfield tag="005">20161230201051</controlfield><controlfield tag="008">110621s1000------------r-----000-0-rus-d</controlfield><datafield ind1=" " ind2=" " tag="040"><subfield code="a">IFIN-HH</subfield></datafield><datafield ind1=" " ind2=" " tag="041"><subfield code="a">rus</subfield></datafield><datafield ind1=" " ind2=" " tag="080"><subfield code="a">537.3</subfield></datafield><datafield ind1="1" ind2=" " tag="110"><subfield code="a">Academia Nauk SSSR</subfield></datafield><datafield ind1="1" ind2="0" tag="245"><subfield code="a">Fiziceskaia elektronika</subfield><subfield code="b">Respubikanskii meejvedomstvennii naucino-tehniceskii sbornik</subfield></datafield><datafield ind1=" " ind2=" " tag="260"><subfield code="a">Lvov</subfield><subfield code="b">Visa Skola</subfield></datafield><datafield ind1=" " ind2=" " tag="300"><subfield code="a">3 VOL</subfield></datafield><datafield ind1="1" ind2=" " tag="787"><subfield code="a">Vulsk 19</subfield><subfield code="d">1979</subfield><subfield code="h">167p</subfield></datafield><datafield ind1=" " ind2=" " tag="852"><subfield code="a">43565</subfield><subfield code="c">537:538</subfield></datafield><datafield ind1=" " ind2=" " tag="CAT"><subfield code="a">Sys</subfield><subfield code="c">20110621</subfield><subfield code="h">123535</subfield></datafield></record></collection>